@article{noorjahan2019bio,
	title={A bio metric based approach for using captcha--to enhance accessibility for the visually impaired},
	author={Noorjahan, M},
	journal={Disability and Rehabilitation: Assistive Technology},
	year={2019},
	publisher={Taylor \& Francis}
}

@article{moreno2014captcha,
	title={CAPTCHA and Accessibility},
	author={Moreno, Lourdes and Gonz{\'a}lez, Mar{\'\i}a and Mart{\'\i}nez, Paloma},
	journal={Is this the best we can do},
	year={2014}
}

@inproceedings{shirali2011accessibility,
	title={Accessibility of CAPTCHA methods},
	author={Shirali-Shahreza, Sajad and Shirali-Shahreza, M Hassan},
	booktitle={Proceedings of the 4th ACM Workshop on Security and Artificial Intelligence},
	pages={109--110},
	year={2011}
}


@incollection{abascal2019tools,
	title={Tools for web accessibility evaluation},
	author={Abascal, Julio and Arrue, Myriam and Valencia, Xabier},
	booktitle={Web Accessibility},
	pages={479--503},
	year={2019},
	publisher={Springer}
}

@inproceedings{akpinar2015old,
	title={" Old habits die hard!" eyetracking based experiential transcoding: a study with mobile users},
	author={Akp{\i}nar, Elgin and Ye{\c{s}}ilada, Yeliz},
	booktitle={Proceedings of the 12th International Web for All Conference},
	pages={1--5},
	year={2015}
}

@article{hossain2019comprehensive,
	title={A comprehensive survey of deep learning for image captioning},
	author={Hossain, MD Zakir and Sohel, Ferdous and Shiratuddin, Mohd Fairuz and Laga, Hamid},
	journal={ACM Computing Surveys (CsUR)},
	volume={51},
	number={6},
	pages={1--36},
	year={2019},
	publisher={ACM New York, NY, USA}
}

@inproceedings{bigham2006webinsight,
	title={WebInSight: making web images accessible},
	author={Bigham, Jeffrey P and Kaminsky, Ryan S and Ladner, Richard E and Danielsson, Oscar M and Hempton, Gordon L},
	booktitle={Proceedings of the 8th International ACM SIGACCESS Conference on Computers and Accessibility},
	pages={181--188},
	year={2006}
}

@inproceedings{mack2021designing,
	title={Designing Tools for High-Quality Alt Text Authoring},
	author={Mack, Kelly and Cutrell, Edward and Lee, Bongshin and Morris, Meredith Ringel},
	booktitle={The 23rd International ACM SIGACCESS Conference on Computers and Accessibility},
	pages={1--14},
	year={2021}
}

@inproceedings{wu2017automatic,
	title={Automatic alt-text: Computer-generated image descriptions for blind users on a social network service},
	author={Wu, Shaomei and Wieland, Jeffrey and Farivar, Omid and Schiller, Julie},
	booktitle={Proceedings of the 2017 ACM Conference on Computer Supported Cooperative Work and Social Computing},
	pages={1180--1192},
	year={2017}
}



@incollection{asakawa2019transcoding,
	title={Transcoding},
	author={Asakawa, Chieko and Takagi, Hironobu and Fukuda, Kentarou},
	booktitle={Web Accessibility},
	pages={569--602},
	year={2019},
	publisher={Springer}
}

@article{bargas2010simple,
	title={Simple but crucial user interfaces in the World Wide Web: introducing 20 guidelines for usable web form design, user interfaces},
	author={Bargas-Avila, Javier A and Brenzikofer, O and Roth, SP and Tuch, AN and Orsini, S and Opwis, K},
	year={2010},
	publisher={InTech}
}

@book{wroblewski2008web,
	title={Web form design: filling in the blanks},
	author={Wroblewski, Luke},
	year={2008},
	publisher={Rosenfeld Media}
}


@article{eraslan2016eye,
	title={Eye tracking scanpath analysis techniques on web pages: A survey, evaluation and comparison},
	author={Eraslan, Sukru and Yesilada, Yeliz and Harper, Simon},
	journal={Journal of Eye Movement Research},
	volume={9},
	number={1},
	year={2016}
}

@inproceedings{shen2014webpage,
	title={Webpage saliency},
	author={Shen, Chengyao and Zhao, Qi},
	booktitle={European conference on computer vision},
	pages={33--46},
	year={2014},
	organization={Springer}
}

@inproceedings{gupta2018saliency,
	title={Saliency prediction for mobile user interfaces},
	author={Gupta, Prakhar and Gupta, Shubh and Jayagopal, Ajaykrishnan and Pal, Sourav and Sinha, Ritwik},
	booktitle={2018 IEEE Winter Conference on Applications of Computer Vision (WACV)},
	pages={1529--1538},
	year={2018},
	organization={IEEE}
}

@inproceedings{buscher2009you,
	title={What do you see when you're surfing? Using eye tracking to predict salient regions of web pages},
	author={Buscher, Georg and Cutrell, Edward and Morris, Meredith Ringel},
	booktitle={Proceedings of the SIGCHI conference on human factors in computing systems},
	pages={21--30},
	year={2009}
}

@book{yesilada2019web,
	title={Web Accessibility: A Foundation for Research},
	author={Yesilada, Yeliz and Harper, Simon},
	year={2019},
	publisher={Springer}
}


@inproceedings{template_3,
  title={Enhancing clone-and-own with systematic reuse for developing software variants},
  author={Fischer, Stefan and Linsbauer, Lukas and Lopez-Herrejon, Roberto Erick and Egyed, Alexander},
  booktitle={Software Maintenance and Evolution (ICSME), 2014 IEEE International Conference on},
  pages={391--400},
  year={2014},
  organization={IEEE}
}


@techreport{luppold2018evaluating,
  title={Evaluating the performance of solvers for integer-linear programming},
  author={Luppold, Arno and Oehlert, Dominic and Falk, Heiko},
  year={2018}
}


@article{leotta2016robula,
  title={ROBULA+: An algorithm for generating robust XPath locators for web testing},
  author={Leotta, Maurizio and Stocco, Andrea and Ricca, Filippo and Tonella, Paolo},
  journal={Journal of Software: Evolution and Process},
  volume={28},
  number={3},
  pages={177--204},
  year={2016},
  publisher={Wiley Online Library}
}


@inproceedings{kirinuki2019color,
  title={COLOR: correct locator recommender for broken test scripts using various clues in web application},
  author={Kirinuki, Hiroyuki and Tanno, Haruto and Natsukawa, Katsuyuki},
  booktitle={2019 IEEE 26th International Conference on Software Analysis, Evolution and Reengineering (SANER)},
  pages={310--320},
  year={2019},
  organization={IEEE}
}


@inproceedings{bajammal2021semantic,
  title={Semantic Web Accessibility Testing via Hierarchical Visual Analysis},
  author={Bajammal, Mohammad and Mesbah, Ali},
  booktitle={2021 IEEE/ACM 43rd International Conference on Software Engineering (ICSE)},
  pages={1610--1621},
  year={2021},
  organization={IEEE}
}




%%%%%%% begin random
@article{adamo2018combinatorial,
  title={Combinatorial-based event sequence testing of Android applications},
  author={Adamo, David and Nurmuradov, Dmitry and Piparia, Shraddha and Bryce, Ren{\'e}e},
  journal={Information and Software Technology},
  volume={99},
  pages={98--117},
  year={2018},
  publisher={Elsevier}
}

@inproceedings{su2017guided,
  title={Guided, stochastic model-based GUI testing of Android apps},
  author={Su, Ting and Meng, Guozhu and Chen, Yuting and Wu, Ke and Yang, Weiming and Yao, Yao and Pu, Geguang and Liu, Yang and Su, Zhendong},
  booktitle={Proceedings of the 2017 11th Joint Meeting on Foundations of Software Engineering},
  pages={245--256},
  year={2017}
}

@inproceedings{song2017ehb,
  title={EHBDroid: beyond GUI testing for Android applications},
  author={Song, Wei and Qian, Xiangxing and Huang, Jeff},
  booktitle={2017 32nd IEEE/ACM International Conference on Automated Software Engineering (ASE)},
  pages={27--37},
  year={2017},
  organization={IEEE}
}

@inproceedings{sadeghi2017pat,
  title={Patdroid: permission-aware gui testing of android},
  author={Sadeghi, Alireza and Jabbarvand, Reyhaneh and Malek, Sam},
  booktitle={Proceedings of the 2017 11th Joint Meeting on Foundations of Software Engineering},
  pages={220--232},
  year={2017}
}
%%%%%% end random








%%%%%%% begin UI aware 

@article{arnatovich2018mobolic,
  title={Mobolic: An automated approach to exercising mobile application GUIs using symbiosis of online testing technique and customated input generation},
  author={Arnatovich, Yauhen Leanidavich and Wang, Lipo and Ngo, Ngoc Minh and Soh, Charlie},
  journal={Software: Practice and Experience},
  volume={48},
  number={5},
  pages={1107--1142},
  year={2018},
  publisher={Wiley Online Library}
}

@inproceedings{dhok2016type,
  title={Type-aware concolic testing of JavaScript programs},
  author={Dhok, Monika and Ramanathan, Murali Krishna and Sinha, Nishant},
  booktitle={Proceedings of the 38th International Conference on Software Engineering},
  pages={168--179},
  year={2016}
}




%%%%%%% end UI aware










@article{hwang2016positive,
  title={Positive and negative polarity contrast sensitivity measuring app},
  author={Hwang, Alex D and Peli, Eli},
  journal={Electronic Imaging},
  volume={2016},
  number={16},
  pages={1--6},
  year={2016},
  publisher={Society for Imaging Science and Technology}
}

@article{bayer2006accessibility,
  title={Accessibility testing: Case history of blind testers of enterprise software},
  author={Bayer, Nancy L and Pappas, Lisa},
  journal={Technical Communication},
  volume={53},
  number={1},
  pages={32--38},
  year={2006},
  publisher={Society for Technical Communication}
}

@article{WCAG,
  title={Web content accessibility guidelines (WCAG) 2.1},
  author={{World Wide Web Consortium}},
  year={2018},
  publisher={World Wide Web Consortium}
}


@article{ARIA,
  title={World Wide Web Consortium. Accessible rich internet applications 1.2. 2019}
}


@inproceedings{brajnik2008comparative,
  title={A comparative test of web accessibility evaluation methods},
  author={Brajnik, Giorgio},
  booktitle={Proceedings of the 10th international ACM SIGACCESS conference on Computers and accessibility},
  pages={113--120},
  year={2008},
  organization={ACM}
}

@incollection{abou2008web,
  title={Web accessibility evaluation},
  author={Abou-Zahra, Shadi},
  booktitle={Web accessibility},
  pages={79--106},
  year={2008},
  publisher={Springer}
}

@article{braga2014applying,
  title={Applying the barrier walkthrough method: Going beyond the automatic evaluation of accessibility},
  author={Braga, H{\'e}lio and Pereira, Let{\'\i}cia Seixas and Ferreira, Simone Bacellar Leal and Da Silveira, Denis Silva},
  journal={Procedia Computer Science},
  volume={27},
  pages={471--480},
  year={2014},
  publisher={Elsevier}
}

@book{gan_ma_wu_2021, title={Data clustering: Theory, algorithms, and applications}, publisher={Society for Industrial and Applied Mathematics}, author={Gan, Guojun and Ma, Chaoqun and Wu, Jianhong}, year={2021}} 


@inproceedings{acosta2018toward,
  title={Toward a combined method for evaluation of web accessibility},
  author={Acosta-Vargas, Patricia and Luj{\'a}n-Mora, Sergio and Acosta, Tania and Salvador-Ullauri, Luis},
  booktitle={International Conference on Information Theoretic Security},
  pages={602--613},
  year={2018},
  organization={Springer}
}


@misc{law:sec508,
  title = {{Title 29 of the United States Code, Section 508, The Rehabilitation Act.}},
  howpublished = {https://www.law.cornell.edu/uscode/text/29/794d},
}

@misc{lpsolve, 
	title = {Lpsolve Mixed-Integer Linear Programming System},
	howpublished = {https://cran.r-project.org/web/packages/lpSolve/index.html},
}

@misc{alexatop,
	title = {Alexa Top Sites},
	howpublished = {https://aws.amazon.com/alexa-top-sites/},
}


@misc{webaim:1mil,
  author={{Institute for Disability Research, Policy, and Practice. Utah State University.}},
	title = {Annual Accessibility Analysis},
  howpublished = {https://webaim.org/projects/million/},
  year = {2021}
}

@misc{aria-group-markup,
	author = {The World Wide Web Consortium},
	title = {Using grouping roles to identify related form controls},
	howpublished = {https://www.w3.org/TR/WCAG20-TECHS/ARIA17.html},
	year = {2021},
}




@misc{law:sec508-app,
  title = {{Appendix A, Part 1194, Section 508, The Rehabilitation Act.}},
  howpublished = {https://www.access-board.gov/guidelines-and-standards/communications-and-it/about-the-ict-refresh/final-rule/text-of-the-standards-and-guidelines},

}

@misc{law:ada,
  author={{Title 42 of the United States Code, Section 12101}},
  title = {The Americans with Disabilities Act},
  year={2020},
  howpublished = {https://www.law.cornell.edu/uscode/text/42/12101},
}

@article{kuzma2010accessibility,
  title={Accessibility design issues with UK e-government sites},
  author={Kuzma, Joanne M},
  journal={Government Information Quarterly},
  volume={27},
  number={2},
  pages={141--146},
  year={2010},
  publisher={Elsevier}
}

@article{harper2012web,
  title={Web accessibility guidelines},
  author={Harper, Simon and Chen, Alex Q},
  journal={World Wide Web},
  volume={15},
  number={1},
  pages={61--88},
  year={2012},
  publisher={Springer}
}

@misc{ukgov:audit:2018,
  author={{United Kingdom Government's Office of Digital Services}},
  title = {{Accessibility tools audit.}},
  howpublished = {https://alphagov.github.io/accessibility-tool-audit/},
}

@misc{law:eu_accessibility,
  author={{Publications Office of the European Union}},
  title = {Directive (EU) 2016/2102 of the European
  Parliament on the accessibility of the websites and mobile applications of public sector bodies.},
  year={2016},
  howpublished = {https://eur-lex.europa.eu/eli/dir/2016/2102/oj},
}

@misc{stats:accessibility_population:US,
    author ={{Centers for Disease Control and Prevention, 
    National Center on Birth Defects and Developmental Disabilities, 
    Division of Human Development and Disability.}},
    title={Disability and Health Data System (DHDS) Data.},
    year={2016},
    howpublished = {https://dhds.cdc.gov},
}

@misc{stats:accessibility_population:EU,
    author={{European Union's Eurostat}},
    title ={European Union Labour Force Survey (EU-LFS). 
    Prevalence of disability},
    year={2014},
    howpublished = {http://appsso.eurostat.ec.europa.eu},
}

@misc{stats:accessibility_lawsuits:US_1,
    author={{Seyfarth Shaw Law Firm, LLP.}},
    title ={Americans with Disabilities (ADA) Act, Title III report.},
    year={2018},
    howpublished = {https://www.seyfarth.com/news-publications},
}

@misc{stats:accessibility_lawsuits:US_2,
    author={{United States Courts, Court Records.}},
    title ={Public Access to Court Electronic Records (PACER).},
    year={2020},
    howpublished = {https://www.uscourts.gov/court-records},
}

@book{nixon2019feature,
  title={Feature extraction and image processing for computer vision},
  author={Nixon, Mark and Aguado, Alberto},
  year={2019},
  publisher={Academic Press}
}

@inproceedings{choudhary2012crosscheck,
  title={Crosscheck: Combining crawling and differencing to better detect cross-browser incompatibilities in web applications},
  author={Choudhary, Shauvik Roy and Prasad, Mukul R and Orso, Alessandro},
  booktitle={Software Testing, Verification and Validation (ICST), 2012 IEEE Fifth International Conference on},
  pages={171--180},
  year={2012},
  organization={IEEE}
}

@inproceedings{burg2015explaining,
  title={Explaining visual changes in web interfaces},
  author={Burg, Brian and Ko, Andrew J and Ernst, Michael D},
  booktitle={Proceedings of the 28th Annual ACM Symposium on User Interface Software \& Technology},
  pages={259--268},
  year={2015},
  organization={ACM}
}

@inproceedings{canvas_icst2018,
  author = {Bajammal, Mohammad and Mesbah, Ali},
  title = {Web Canvas Testing through Visual Inference},
  booktitle = {Proceedings of the International Conference on Software Testing, Verification and Validation (ICST)},
  publisher = {IEEE Computer Society},
  pages = {12 pages},
  year = {2018}
}

@misc{2019users_survey,
  author={{WebAIM Non-profit Organization}},
	title = {Screen Reader User Survey Results. },
	url = {https://webaim.org/projects/screenreadersurvey8/},
  year = {2019}
}



@misc{goog_scanner,
  author={{Google Inc.}},
  title={Accessibility Scanner.},
  url={https://support.google.com/accessibility/android/answer/6376570},
  year={2020}
}

@misc{dl4j, 
  author={{Eclipse Deeplearning4j Development Team}}, 
  title={Deeplearning4j: Open-source distributed deep learning for the JVM, Apache Software Foundation License 2.0.},
  url={http://deeplearning4j.org}
}

@InProceedings{stanfordCoreNLP,
  author    = {Manning, Christopher D. and  Surdeanu, Mihai  and  Bauer, John  and  Finkel, Jenny  and  Bethard, Steven J. and  McClosky, David},
  title     = {The {Stanford} {CoreNLP} Natural Language Processing Toolkit},
  booktitle = {Association for Computational Linguistics (ACL) System Demonstrations},
  year      = {2014},
  pages     = {55--60},
  url       = {http://www.aclweb.org/anthology/P/P14/P14-5010}
}


@misc{wave_tool,
  author={{WebAIM Non-profit Organization}},
  title={Web Accessibility Evaluation Tool},
  url={https://wave.webaim.org/}
}

@msic{aslint_tool,
  author={{ASLint}},
  title={Accessibility Linter.},
  year={2020},
  url={https://www.aslint.org/}
}

@inproceedings{eler2018automated,
  title={Automated accessibility testing of mobile apps},
  author={Eler, Marcelo Medeiros and Rojas, Jos{\'e} Miguel and Ge, Yan and Fraser, Gordon},
  booktitle={2018 IEEE 11th International Conference on Software Testing, Verification and Validation (ICST)},
  pages={116--126},
  year={2018},
  organization={IEEE}
}

@misc{sap2019accessibility,
  title={Accessibility testing software automation tool},
  author={{SAP S.E.}},
  year={2019},
  publisher={Google Patents},
  note={US Patent 10,275,339}
}


@misc{breeds2014software,
  title={Software accessibility testing},
  author={Breeds, Robert J and Taylor, James S},
  year={2014},
  month=mar # "~4",
  publisher={Google Patents},
  note={US Patent 8,667,468}
}

@misc{szegedy2015rethinking,
    title={Rethinking the Inception Architecture for Computer Vision},
    author={Christian Szegedy and Vincent Vanhoucke and Sergey Ioffe and Jonathon Shlens and Zbigniew Wojna},
    year={2015},
    eprint={1512.00567},
    archivePrefix={arXiv},
    primaryClass={cs.CV}
}

@article{opencv,
    author = {Bradski, G.},
    citeulike-article-id = {2236121},
    journal = {Dr. Dobb's Journal of Software Tools},
    keywords = {bibtex-import},
    posted-at = {2008-01-15 19:21:54},
    priority = {4},
    title = {{The OpenCV Library}},
    year = {2000}
}


@inproceedings{sanchez2017method,
  title={A method for accessibility testing of web applications in agile environments},
  author={Sanchez-Gordon, Sandra and Luj{\'a}n-Mora, Sergio},
  booktitle={Proceedings of the 7th World Congress for Software Quality (WCSQ). En proceso de publicaci{\'o}n.(citado en la p{\'a}gina 13, 15, 85)},
  year={2017}
}

@article{bai2018categorization,
  title={Categorization and comparison of accessibility testing methods for software development},
  author={Bai, Aleksander and Fuglerud, Kristin Skeide and Skjerve, Rannveig Alette and Halbach, Till},
  year={2018},
  publisher={IOS Press}
}

@online{tool-and-data,
	title = {{https://cutt.ly/CWodmOq}},
}

@inproceedings{bajammal2018generating,
  title={Generating reusable web components from mockups},
  author={Bajammal, Mohammad and Mazinanian, Davood and Mesbah, Ali},
  booktitle={2018 33rd IEEE/ACM International Conference on Automated Software Engineering (ASE)},
  pages={601--611},
  year={2018},
  organization={IEEE}
}

@article{bai2016evaluation,
  title={Evaluation of accessibility testing methods. which methods uncover what type of problems?},
  author={Bai, Aleksander and Mork, Heidi Camilla and Schulz, Trenton and Fuglerud, Kristin Skeide},
  journal={Studies in health technology and informatics},
  volume={229},
  pages={506--516},
  year={2016}
}


@article{bai2019methods,
  title={What Methods Software Teams Prefer When Testing Web Accessibility},
  author={Bai, Aleksander and Stray, Viktoria and Mork, Heidi},
  journal={Advances in Human-Computer Interaction},
  volume={2019},
  year={2019},
  publisher={Hindawi}
}


@inproceedings{ross2018examining,
  title={Examining image-based button labeling for accessibility in Android apps through large-scale analysis},
  author={Ross, Anne Spencer and Zhang, Xiaoyi and Fogarty, James and Wobbrock, Jacob O},
  booktitle={Proceedings of the 20th International ACM SIGACCESS Conference on Computers and Accessibility},
  pages={119--130},
  year={2018}
}


@inproceedings{bhagat2019evaluation,
  title={Evaluation of Accessibility and Accessibility Audit Methods for e-Governance Portals},
  author={Bhagat, Saidarshan and Joshi, Padmaja},
  booktitle={Proceedings of the 12th International Conference on Theory and Practice of Electronic Governance},
  pages={220--226},
  year={2019}
}

@article{snider2020accessibility,
  title={Accessibility Information Needs in the Enterprise},
  author={Snider, Sharon and Scott II, Willie L and Trewin, Shari},
  journal={ACM Transactions on Accessible Computing (TACCESS)},
  volume={12},
  number={4},
  pages={1--23},
  year={2020},
  publisher={ACM New York, NY, USA}
}

@article{mesbah:tweb12,
	Author = {Mesbah, Ali and van Deursen, Arie and Lenselink, Stefan},
	Journal = {ACM Transactions on the Web},
	Number = {1},
	Pages = {3:1--3:30},
	Series = {TWEB},
	Title = {Crawling Ajax-based Web Applications through Dynamic Analysis of User Interface State Changes},
	Volume = {6},
	Year = {2012}
}


@inproceedings{vendome2019can,
  title={Can everyone use my app? An Empirical Study on Accessibility in Android Apps},
  author={Vendome, Christopher and Solano, Diana and Li{\~n}{\'a}n, Santiago and Linares-V{\'a}squez, Mario},
  booktitle={2019 IEEE International Conference on Software Maintenance and Evolution (ICSME)},
  pages={41--52},
  year={2019},
  organization={IEEE}
}





















@inproceedings{agrawal2019evaluating,
  title={Evaluating accessibility and usability of Airline websites},
  author={Agrawal, Gaurav and Kumar, Devendra and Singh, Mayank and Dani, Diksha},
  booktitle={International Conference on Advances in Computing and Data Sciences},
  pages={392--402},
  year={2019},
  organization={Springer}
}

@inproceedings{alshayban2020accessibility,
  title={Accessibility issues in Android apps: state of affairs, sentiments, and ways forward},
  author={Alshayban, Abdulaziz and Ahmed, Iftekhar and Malek, Sam},
  booktitle={2020 IEEE/ACM 42nd International Conference on Software Engineering (ICSE)},
  pages={1323--1334},
  year={2020},
  organization={IEEE}
}

@article{dominguez2018website,
  title={Website accessibility in the tourism industry: an analysis of official national tourism organization websites around the world},
  author={Dom{\'\i}nguez Vila, Trinidad and Al{\'e}n Gonz{\'a}lez, Elisa and Darcy, Simon},
  journal={Disability and rehabilitation},
  volume={40},
  number={24},
  pages={2895--2906},
  year={2018},
  publisher={Taylor \& Francis}
}

@article{kimmons2017open,
  title={Open to all? Nationwide evaluation of high-priority web accessibility considerations among higher education websites},
  author={Kimmons, Royce},
  journal={Journal of Computing in Higher Education},
  volume={29},
  number={3},
  pages={434--450},
  year={2017},
  publisher={Springer}
}

@inproceedings{krainz2018can,
  title={Can we improve app accessibility with advanced development methods?},
  author={Krainz, Elmar and Miesenberger, Klaus and Feiner, Johannes},
  booktitle={International Conference on Computers Helping People with Special Needs},
  pages={64--70},
  year={2018},
  organization={Springer}
}

@article{park2014toward,
  title={Toward accessible mobile application design: developing mobile application accessibility guidelines for people with visual impairment},
  author={Park, Kyudong and Goh, Taedong and So, Hyo-Jeong},
  journal={Proceedings of HCI Korea},
  pages={31--38},
  year={2014}
}

@inproceedings{patil2016enhanced,
  title={Enhanced UI Automator Viewer with improved Android accessibility evaluation features},
  author={Patil, Neha and Bhole, Dhananjay and Shete, Prasanna},
  booktitle={2016 International Conference on Automatic Control and Dynamic Optimization Techniques (ICACDOT)},
  pages={977--983},
  year={2016},
  organization={IEEE}
}

@article{serra2015accessibility,
  title={Accessibility evaluation of e-government mobile applications in Brazil},
  author={Serra, Leandro Coelho and Carvalho, Lucas Pedroso and Ferreira, Lucas Pereira and Vaz, Jorge Belimar Silva and Freire, Andr{\'e} Pimenta},
  journal={Procedia Computer Science},
  volume={67},
  pages={348--357},
  year={2015},
  publisher={Elsevier}
}

@article{yan2019current,
  title={The current status of accessibility in mobile apps},
  author={Yan, Shunguo and Ramachandran, PG},
  journal={ACM Transactions on Accessible Computing (TACCESS)},
  volume={12},
  number={1},
  pages={1--31},
  year={2019},
  publisher={ACM New York, NY, USA}
}

