% !TEX root =  paper.tex



@inproceedings{2018-Stocco-FSE,
  author = {Andrea Stocco and Rahulkrishna Yandrapally and Ali Mesbah},
  title = {Visual Web Test Repair},
  booktitle = {Proceedings of the 26th ACM Joint European Software Engineering Conference and Symposium on the Foundations of Software Engineering},
  Series = {ESEC/FSE 2018},
  publisher = {ACM},
  year = {2018}
}
@article{2018-Leotta-STVR,
  Author = {Maurizio Leotta and Andrea Stocco and Filippo Ricca and Paolo Tonella},
  Journal = {Software Testing, Verification And Reliability},
  Pages = {e:1665},
  volume = {28},
  number = {4},
  Publisher = {John Wiley & Sons},
  Title = {{PESTO}: Automated migration of {DOM}-based Web tests towards the visual approach},
  Year = {2018}
}




@inproceedings{Davood:2016:ASE:CSSMigration,
	author = {Mazinanian, Davood and Tsantalis, Nikolaos},
	title = {{Migrating Cascading Style Sheets to Preprocessors by Introducing Mixins}},
	booktitle = {Proceedings of the 31st IEEE/ACM International Conference on Automated Software Engineering (ASE)},
	series = {ASE 2016},
	year = {2016},
	pages = {672--683},
	numpages = {12}
} 

@inproceedings{Davood:ICSE:2017:CSSDev,
	author={Mazinanian, Davood and Tsantalis, Nikolaos},
	title={{CSSDev: Refactoring duplication in Cascading Style Sheets}},
	booktitle={Proceedings of the 39th International Conference on Software Engineering (ICSE) Companion},
	series = {ICSE 2017},
	year = {2017},
	location = {Buenos Aires, Argentina},
	numpages = {4},
}






@inproceedings{template_1,
  title={Mining implicit design templates for actionable code reuse},
  author={Lin, Yun and Meng, Guozhu and Xue, Yinxing and Xing, Zhenchang and Sun, Jun and Peng, Xin and Liu, Yang and Zhao, Wenyun and Dong, Jinsong},
  booktitle={Automated Software Engineering (ASE), 2017 32nd IEEE/ACM International Conference on},
  pages={394--404},
  year={2017},
  organization={IEEE}
}

@inproceedings{template_2,
  title={Automating the extraction of model-based software product lines from model variants (T)},
  author={Martinez, Jabier and Ziadi, Tewfik and Bissyande, Tegawende F and Klein, Jacques and Le Traon, Yves},
  booktitle={Automated Software Engineering (ASE), 2015 30th IEEE/ACM International Conference on},
  pages={396--406},
  year={2015},
  organization={IEEE}
}


@inproceedings{template_3,
  title={Enhancing clone-and-own with systematic reuse for developing software variants},
  author={Fischer, Stefan and Linsbauer, Lukas and Lopez-Herrejon, Roberto Erick and Egyed, Alexander},
  booktitle={Software Maintenance and Evolution (ICSME), 2014 IEEE International Conference on},
  pages={391--400},
  year={2014},
  organization={IEEE}
}


@inproceedings{template_4,
  title={Clone-based and interactive recommendation for modifying pasted code},
  author={Lin, Yun and Peng, Xin and Xing, Zhenchang and Zheng, Diwen and Zhao, Wenyun},
  booktitle={Proceedings of the 2015 10th Joint Meeting on Foundations of Software Engineering},
  pages={520--531},
  year={2015},
  organization={ACM}
}




@article{lopes2010automatic,
  title={Automatic histogram threshold using fuzzy measures},
  author={Lopes, Nuno Vieira and do Couto, Pedro A Mogadouro and Bustince, Humberto and Melo-Pinto, Pedro},
  journal={IEEE Transactions on Image Processing},
  volume={19},
  number={1},
  pages={199--204},
  year={2010},
  publisher={IEEE}
}


@article{liu2010image,
  title={Image retrieval based on multi-texton histogram},
  author={Liu, Guang-Hai and Zhang, Lei and Hou, Ying-Kun and Li, Zuo-Yong and Yang, Jing-Yu},
  journal={Pattern Recognition},
  volume={43},
  number={7},
  pages={2380--2389},
  year={2010},
  publisher={Elsevier}
}







@book{sonka2014image,
  title={Image processing, analysis, and machine vision},
  author={Sonka, Milan and Hlavac, Vaclav and Boyle, Roger},
  year={2014},
  publisher={Cengage Learning}
}

@inproceedings{choudhary2012crosscheck,
  title={Crosscheck: Combining crawling and differencing to better detect cross-browser incompatibilities in web applications},
  author={Choudhary, Shauvik Roy and Prasad, Mukul R and Orso, Alessandro},
  booktitle={Software Testing, Verification and Validation (ICST), 2012 IEEE Fifth International Conference on},
  pages={171--180},
  year={2012},
  organization={IEEE}
}

@inproceedings{burg2015explaining,
  title={Explaining visual changes in web interfaces},
  author={Burg, Brian and Ko, Andrew J and Ernst, Michael D},
  booktitle={Proceedings of the 28th Annual ACM Symposium on User Interface Software \& Technology},
  pages={259--268},
  year={2015},
  organization={ACM}
}

@inproceedings{canvas_icst2018,
  author = {Bajammal, Mohammad and Mesbah, Ali},
  title = {Web Canvas Testing through Visual Inference},
  booktitle = {Proceedings of the International Conference on Software Testing, Verification and Validation (ICST)},
  publisher = {IEEE Computer Society},
  pages = {12 pages},
  year = {2018}
}

@inproceedings{Sinha:2013:CompilingMockupsToFlexibleUIs,
	author = {Sinha, Nishant and Karim, Rezwana},
	title = {{Compiling Mockups to Flexible UIs}},
	booktitle = {Proceedings of the 2013 9th Joint Meeting on Foundations of Software Engineering (ESEC/FSE)},
	--series = {ESEC/FSE 2013},
	year = {2013},
	isbn = {978-1-4503-2237-9},
	--location = {Saint Petersburg, Russia},
	pages = {312--322},
	numpages = {11},
	--acmid = {2491427},
	--publisher = {ACM},
	--address = {New York, NY, USA},
	keywords = {CSS, HTML, Layout inference, Mockup-based design}
} 

@inproceedings{Newman:2000:SitemapsStoryboardsSpecifications,
	author = {Newman, Mark W. and Landay, James A.},
	title = {Sitemaps, Storyboards, and Specifications: A Sketch of Web Site Design Practice},
	booktitle = {Proceedings of the 3rd Conference on Designing Interactive Systems: Processes, Practices, Methods, and Techniques (DIS)},
	--series = {DIS '00},
	year = {2000},
	isbn = {1-58113-219-0},
	--location = {New York City, New York, USA},
	pages = {263--274},
	numpages = {12},
	acmid = {347758},
	--publisher = {ACM},
	--address = {New York, NY, USA},
	keywords = {ethnography, informal interfaces, information architecture, web site design, work analysis}
} 

@inproceedings{Ozenc:2010:SupportDesigners,
	author = {Ozenc, Fatih Kursat and Kim, Miso and Zimmerman, John and Oney, Stephen and Myers, Brad},
	title = {{How to Support Designers in Getting Hold of the Immaterial Material of Software}},
	booktitle = {Proceedings of the SIGCHI Conference on Human Factors in Computing Systems (CHI)},
	--series = {CHI '10},
	year = {2010},
	isbn = {978-1-60558-929-9},
	--location = {Atlanta, Georgia, USA},
	pages = {2513--2522},
	numpages = {10},
	acmid = {1753707},
	--publisher = {ACM},
	--address = {New York, NY, USA},
	keywords = {communication, design process, interactive controls, tools}
} 

@book{Meggs:1992:TypeAndImageGraphicDesign,
	author = {Philip B. Meggs},
	title = {Type and Image: The Language of Graphic Design},
	year = {1992},
	publisher = {Van Nostrand Reinhold},
	isbn = {0442011652},
	pages = {206}
}

@article{memory_limit_cowan_2001, title={The magical number 4 in short-term memory: A reconsideration of mental storage capacity}, volume={24},  number={1}, journal={Behavioral and Brain Sciences}, publisher={Cambridge University Press}, author={Cowan, Nelson}, year={2001}, pages={87-114}}

@book{Dondis:1974:VisualLiteracy,
	title={A primer of visual literacy},
	author={Dondis, Donis A},
	year={1974},
	publisher={{MIT Press}}
}

@book{William:2010:UniversalPrinciplesOfDesign,
	title={Universal principles of design, revised and updated},
	subtitle={125 ways to enhance usability, influence perception, increase appeal, make better design decisions, and teach through design},
	author={Lidwell, William and Holden, Kritina and Butler, Jill},
	year={2010},
	publisher={Rockport Pub}
}

@inproceedings{Juergens:2009:DoCodeClonesMatter,
	author = {Juergens, Elmar and Deissenboeck, Florian and Hummel, Benjamin and Wagner, Stefan},
	title = {Do code clones matter?},
	booktitle = {Proceedings of the 31st International Conference on Software Engineering (ICSE)},
	year = {2009},
	isbn = {978-1-4244-3453-4},
	pages = {485--495},
	numpages = {11}
}

@article{walt2011numpy,
  title={The NumPy array: a structure for efficient numerical computation},
  author={Walt, St{\'e}fan van der and Colbert, S Chris and Varoquaux, Gael},
  journal={Computing in Science \& Engineering},
  volume={13},
  number={2},
  pages={22--30},
  year={2011},
  publisher={IEEE}
}

@inproceedings{Lozano:2008:AssessingTheEffectOfClones,
	author = {Lozano, Angela and Wermelinger, Michel},
	booktitle = {Proceedings of the 24th IEEE International Conference on Software Maintenance (ICSM)},
	keywords = {code_clones empirical selected software_evolution todo},
	--location = {Beijing, China},
	pages = {227-236},
	title = {Assessing the effect of clones on changeability},
	year = 2008
}

@article{Mondal:2012:EmpiricalStudyCloneInstability,
	author = {Mondal, Manishankar and Roy, Chanchal K. and Schneider, Kevin A.},
	title = {An empirical study on clone stability},
	journal = {Applied Computing Review},
	issue_date = {September 2012},
	volume = {12},
	number = {3},
	month = sep,
	year = {2012},
	issn = {1559-6915},
	pages = {20--36},
	--numpages = {17},
	acmid = {2387360},
	--publisher = {ACM},
	--address = {New York, NY, USA},
	keywords = {changeability, code stability, modification frequency, overall instability, software clones, types of clones}
}

@article{Tsantalis:TSE:2015,
  author={Tsantalis, Nikolaos and Mazinanian, Davood and Krishnan, Giri P.},
  journal={IEEE Transactions on Software Engineering},
  title={Assessing the Refactorability of Software Clones},
  year={2015},
  volume={41},
  number={11},
  pages={1055-1090},
  ISSN={0098-5589},
  month={Nov}
}

@inproceedings{Tsantalis:ICSE:2017,
    author={Tsantalis, Nikolaos and Mazinanian, Davood and Rostami, Shahriar},
    title={Clone Refactoring with Lambda Expressions},
    booktitle={Proceedings of the 39th International Conference on Software Engineering (ICSE)},
    --series = {ICSE 2017},
    year = {2017},
    location = {Buenos Aires, Argentina},
    numpages = {11}
}

@inproceedings{Mazinanian:ASE:2016,
  author = {Mazinanian, Davood and Tsantalis, Nikolaos},
  title = {Migrating Cascading Style Sheets to Preprocessors by Introducing Mixins},
  booktitle = {Proceedings of the 31st IEEE/ACM International Conference on Automated Software Engineering (ASE)},
  --series = {ASE 2016},
  year = {2016},
  isbn = {978-1-4503-3845-5},
  --location = {Singapore, Singapore},
  pages = {672--683},
  numpages = {12},
  acmid = {2970348},
  --publisher = {ACM},
  --address = {New York, NY, USA},
  keywords = {Cascading style sheets, duplication, migration, refactoring}   
}

@inproceedings{Mazinanian:2014:RefactoringCSS,
  author = {Mazinanian, Davood and Tsantalis, Nikolaos and Mesbah, Ali},
  title = {Discovering Refactoring Opportunities in Cascading Style Sheets},
  booktitle = {Proceedings of the 22nd ACM SIGSOFT International Symposium on Foundations of Software Engineering (FSE)},
  --series = {FSE 2014},
  year = {2014},
  isbn = {978-1-4503-3056-5},
  location = {Hong Kong, China},
  pages = {496--506},
  numpages = {11},
  acmid = {2635879},
  --publisher = {ACM},
  --address = {New York, NY, USA},
  keywords = {Cascading style sheets, duplication, refactoring}
}

@online{Angular,
	author = {{Google Inc}},
	title = {Angular},
	url = {https://angular.io/},
	note = {Accessed: 15 February 2018},
	year = {2016}
}

@online{React,
	author = {{Jordan Walke, Facebook, Instagram and community}},
	title = {{React - A JavaScript library for building user interfaces}},
	url = {https://reactjs.org/},
	note = {Accessed: 15 February 2018},
	year = {2013}
}

@online{StackOverflow:2017:Survey,
	author = {StackOverflow},
	title = {Developer Survey Results},
	url = {https://insights.stackoverflow.com/survey/2017},
	note = {Accessed: 4 April 2018},
	year = {2017}
}

@online{IDC:survey,
	author = {IDC},
	title = {Mobile Trends Report},
	url = {https://www.appcelerator.com/resource-center/research/2015-mobile-trends-report/},
	note = {Accessed: 15 February 2018},
	year = {2015}
}

@online{thinking:in:components,
	author = {ReactJS},
	title = {Thinking in React},
	url = {https://reactjs.org/docs/thinking-in-react.html},
	note = {Accessed: 15 February 2018},
	year = {2018}
}


@inproceedings{myers:ui:survey,
  title={Survey on user interface programming},
  author={Myers, Brad A and Rosson, Mary Beth},
  booktitle={Proceedings of the SIGCHI conference on Human factors in computing systems},
  pages={195--202},
  year={1992},
  organization={ACM}
}

@online{MDN:2017:WebComponents,
	author = {{Mozilla Developer Network}},
	title = {Web Components},
	date = {20 December 2017},
	url = {https://developer.mozilla.org/en-US/docs/Web/Web_Components},
	note = {Accessed: 4 April 2018},
	year = {2017}
}


@inproceedings{Meyerovich:2010:FastAndParallelWebPageLayout,
	author = {Meyerovich, Leo A. and Bodik, Rastislav},
	title = {Fast and parallel webpage layout},
	booktitle = {{Proceedingsn}numhe 19th International Conference on World Wide Web}},
	--series = {WWW '10},
	year = {2010},
	isbn = {978-1-60558-799-8},
	--location = {Raleigh, North Carolina, USA},
	pages = {711--720},
	numpages = {10},
	acmid = {1772763},
	--publisher = {ACM},
	--address = {New York, NY, USA},
	keywords = {attribute grammar, box model, css, font, html, layout, mobile, multicore, selector}
} 

@inproceedings{Roy:2008:NiCad,
	author = {Roy, Chanchal K. and Cordy, James R.},
	booktitle = {Proceedings of the 16th IEEE International Conference on Program Comprehension (ICPC)},
	isbn = {978-0-7695-3176-2},
	issn = {1092-8138},
	keywords = {Clone Detection,Cloning,Filtering,Flexible Code Filtering,Flexible Code Normalization,Flexible Pretty-Printing,NICAD,Near-Miss Intentional Clones,Printing,Programming profession,Software systems,agile parsing,code normalization,grammars,island grammars,language-specific parser,lightweight clone detection approach,near-miss clones,pretty-printing,program compilers,source transformation system,specification languages,text analysis,text line comparison technique},
	language = {English},
	pages = {172--181},
	--publisher = {IEEE},
	title = {{NiCad: Accurate detection of near-miss intentional clones using flexible pretty-printing and code normalization}},
	--url = {http://ieeexplore.ieee.org/articleDetails.jsp?arnumber=4556129},
	year = {2008}
}

@inproceedings{Wang:2013:SearchingForBetterConfigs,
 author = {Wang, Tiantian and Harman, Mark and Jia, Yue and Krinke, Jens},
 title = {Searching for Better Configurations: A Rigorous Approach to Clone Evaluation},
 booktitle = {Proceedings of the 9th Joint Meeting on Foundations of Software Engineering (ESEC/FSE)},
 --series = {ESEC/FSE 2013},
 year = {2013},
 isbn = {978-1-4503-2237-9},
 location = {Saint Petersburg, Russia},
 pages = {455--465},
 numpages = {11},
 acmid = {2491420},
 --publisher = {ACM},
 --address = {New York, NY, USA},
 keywords = {Clone Detection, Genetic Algorithms, SBSE}
} 

@online{Angular-components,
	author = {{Google Inc}},
	title = {Angular Core Documentation: Components},
	url = {https://angular.io/api/core/Component},
	note = {Accessed: 4 April 2018},
	year = {2017}
}

@inproceedings{campello2013density,
  title={Density-based clustering based on hierarchical density estimates},
  author={Campello, Ricardo JGB and Moulavi, Davoud and Sander, J{\"o}rg},
  booktitle={Pacific-Asia conference on knowledge discovery and data mining},
  pages={160--172},
  year={2013},
  organization={Springer}
}

@online{React-components,
	author = {{Jordan Walke, Facebook, Instagram, and community}},
	title = {React documentation: React.Component},
	url = {https://reactjs.org/docs/react-component.html},
	note = {Accessed: 4 April 2018},
	year = {2013}
}

@article{Roy:2009:ComparisonOfCloneDetectionTechniques,
	title = "Comparison and evaluation of code clone detection techniques and tools: A qualitative approach",
	journal = "Science of Computer Programming",
	volume = "74",
	number = "7",
	pages = "470 - 495",
	year = "2009",
	issn = "0167-6423",
	author = "Chanchal K. Roy and James R. Cordy and Rainer Koschke",
	keywords = "Software clone, Clone detection, Comparison, Scenario-based evaluation"
}

@techreport{Roy:2007:CloneSurvey,
	title={A survey on software clone detection research},
	author={Roy, Chanchal Kumar and Cordy, James R},
	institution = {Queen's School of Computing},
	year={2007}
}

@article{Rattan:2013:CloneDetectionSystematicReview,
	title = "Software clone detection: A systematic review",
	journal = "Information and Software Technology",
	volume = "55",
	number = "7",
	pages = "1165 - 1199",
	year = "2013",
	issn = "0950-5849",
	--url = "http://www.sciencedirect.com/science/article/pii/S0950584913000323",
	author = "Dhavleesh Rattan and Rajesh Bhatia and Maninder Singh",
	keywords = "Software clone, Clone detection, Systematic literature review, Semantic clones, Model based clone"
}

@inproceedings{Mazinanian:2017:CSSDev, 
	author={Mazinanian, Davood and Tsantalis, Nikolaos}, 
	booktitle={2017 IEEE/ACM 39th International Conference on Software Engineering Companion (ICSE-C)}, 
	title={{\cssdev: Refactoring Duplication in Cascading Style Sheets}}, 
	year={2017}, 
	volume={}, 
	number={}, 
	pages={63-66}, 
	keywords={document handling;program diagnostics;software maintenance;source code (software);user interfaces;CSS code analysis;CSSDev;cascading style sheets;duplication refactoring;structured documents;user interfaces;Browsers;Cascading style sheets;Crawlers;HTML;Maintenance engineering;Runtime;Tools;Cascading Style Sheets;Preprocessors;Refactoring}, 
	ISSN={}, 
	month={May}
}

@phdthesis{Mazinanian:2017:Thesis,
  author = {Davood Mazinanian},
  school = {Concordia University, Canada},
  title = {{Eliminating Code Duplication in Cascading Style Sheets}},
  type = {{Ph.D. Thesis}},
  year = {2017}
}

@inproceedings{Boldyreff:2002:ReverseEngineeringMaintainableWWW,
	author = {Boldyreff, Cornelia and Kewish, Richard},
	booktitle = {Proceedings of the 8th Working Conference on Reverse Engineering (WCRE)},
	isbn = {0-7695-1303-4},
	keywords = {data abstraction,detection of,duplicated web content,re-structuring,web analysis,web site maintenance},
	pages = {249--257},
	--publisher = {IEEE Comput. Soc},
	title = {{Reverse engineering to achieve maintainable WWW sites}},
	--url = {http://ieeexplore.ieee.org/lpdocs/epic03/wrapper.htm?arnumber=957829},
	year = {2001}
}

@inproceedings{Lucca:2001:CloneAnalysisWebEra,
	author = {Di Lucca, G.A. and Di Penta, M.},
	booktitle = {{Proceedings of the 7th IEEE Workshop on Empirical Studies of Software Maintenance} (WESS)},
	pages = {107--113},
	title = {{Clone analysis in the web era: an approach to identify cloned web pages}},
	year = {2001}
}

@inproceedings{Lucca:2002:AnApproachToIdentifyDupWeb,
	author = {Di Lucca, G.A. and Di Penta, M. and Fasolino, A.R.},
	booktitle = {Proceedings of the 26th Annual International Computer Software and Applications Conference (COMPSAC)},
	isbn = {0-7695-1727-7},
	keywords = {Web engineering,Web site analysis,Web site metrics,clone analysis,software metrics,source code clones},
	--month = aug,
	pages = {481--486},
	--publisher = {IEEE Comput. Soc},
	title = {{An approach to identify duplicated web pages}},
	--url = {http://dl.acm.org/citation.cfm?id=645984.675896, http://ieeexplore.ieee.org/lpdocs/epic03/wrapper.htm?arnumber=1045051},
	year = {2002}
}

@inproceedings{Lanubile:2003:FindingFunctionClones,
	author = {Lanubile, Filippo and Mallardo, Teresa},
	title = {Finding function clones in web applications},
	booktitle = {Proceedings of the 7th European Conference on Software Maintenance and Reengineering (CSMR)},
	--series = {CSMR '03},
	year = {2003},
	isbn = {0-7695-1902-4},
	pages = {379--386},
	--url = {http://dl.acm.org/citation.cfm?id=872754.873583},
	acmid = {873583},
	--publisher = {IEEE Computer Society},
	--address = {Washington, DC, USA},
} 

@article{Calefato:2004:FunctionCloneDetection,
	author = {Calefato, Fabio and Lanubile, Filippo and Mallardo, Teresa},
	journal = {Journal of Web Engineering},
	number = {1},
	pages = {3--21},
	title = {{Function clone detection in web applications: a semiautomated approach}},
	--url = {http://cdg.di.uniba.it/cdg/calefato/papers/JWE\_paper.pdf},
	volume = {3},
	year = {2004}
}

@inproceedings{DeLucia:2005:UnderstandingClonedPatterns,
	author = {{De Lucia}, A. and Francese, Rita and Scanniello, G. and Tortora, G.},
	booktitle = {Proceedings of the 13th International Workshop on Program Comprehension (ICPC)},
	isbn = {0-7695-2254-8},
	pages = {333--336},
	publisher = {IEEE},
	title = {{Understanding cloned patterns in web applications}},
	--url = {http://ieeexplore.ieee.org/xpls/abs\_all.jsp?arnumber=1421049},
	year = {2005}
}

@inproceedings{Rajapakse:2005:AnInvestigationOfCloning,
	year={2005},
	--isbn={978-3-540-27996-9},
	booktitle ={Proceedings of the 5th International Conference of Web Engineering (ICWE)},
	--volume={3579},
	--series={Lecture Notes in Computer Science},
	--editor={Lowe, David and Gaedke, Martin},
	title={An Investigation of Cloning in Web Applications},
	--publisher={Springer Berlin Heidelberg},
	author={Rajapakse, Damith C. and Jarzabek, Stan},
	pages={252-262},
	--address = {Sydney, Australia}
}

@article{Kamiya:2002:CCFinder,
	author = {Kamiya, Toshihiro and Kusumoto, Shinji and Inoue, Katsuro},
	title = {{CCFinder: A multilinguistic token-based code clone detection system for large scale source code}},
	journal = {IEEE Trans. on Software Engineering},
	issue_date = {July 2002},
	volume = {28},
	number = {7},
	--month = jul,
	year = {2002},
	issn = {0098-5589},
	pages = {654--670},
	--numpages = {17},
	acmid = {636191},
	--publisher = {IEEE Press},
	--address = {Piscataway, NJ, USA}
} 

@inproceedings{Synytskyy:2003:ResolutionOfStatic,
	author = {Synytskyy, Nikita and Cordy, James R. and Dean, Thomas R.},
	booktitle = {Proceedings of the 5th IEEE International Workshop on Web Site Evolution (WSE)},
	isbn = {0-7695-2016-2},
	pages = {49--56},
	--publisher = {IEEE Comput. Soc},
	title = {{Resolution of static clones in dynamic Web pages}},
	--url = {http://ieeexplore.ieee.org/lpdocs/epic03/wrapper.htm?arnumber=1234008},
	year = {2003}
}

@inproceedings{Cordy:2004:PracticalLanguageIndependent,
	author = {Cordy, James R and Dean, Thomas R.},
	booktitle = {Proceedings of the 14th Conference  of the Centre for Advanced Studies on Collaborative Research (CASCON)},
	title = {{Practical language-independent detection of near-miss clones}},
	year = {2004},
	pages = {1--12 }
}

@inproceedings{Lucia:2004:ReengineeringWeb,
	author = {{De Lucia}, A. and Francese, R. and Scanniello, G. and Tortora, G.},
	booktitle = {Proceedings of 12th IEEE International Workshop on Program Comprehension},
	isbn = {0-7695-2149-5},
	pages = {132--141},
	publisher = {IEEE},
	title = {{Reengineering web applications based on cloned pattern analysis}},
	--url = {http://ieeexplore.ieee.org/lpdocs/epic03/wrapper.htm?arnumber=1311055},
	year = {2004}
}

@inproceedings{Rajapakse:2007:Unifying,
	author = {Rajapakse, Damith C. and Jarzabek, Stan},
	title = {Using Server Pages to Unify Clones in Web Applications: A Trade-Off Analysis},
	booktitle = {Proceedings of the 29th International Conference on Software Engineering (ICSE)},
	--series = {ICSE '07},
	year = {2007},
	isbn = {0-7695-2828-7},
	pages = {116--126},
	--numpages = {11},
	acmid = {1248845},
	--publisher = {IEEE Computer Society},
	--address = {Washington, DC, USA}
} 

@article{Mao:2007:AutomatedConversionTableBased,
	--address = {New York, New York, USA},
	author = {Mao, Andy Y. and Cordy, James R. and Dean, Thomas R.},
	issn = {17057361},
	journal = {Proceedings of the 2007 Conference of the center for advanced studies on Collaborative research (CASCON)},
	pages = {12--26},
	--publisher = {ACM Press},
	title = {{Automated conversion of table-based websites to structured stylesheets using table recognition and clone detection}},
	year = {2007}
}

@inproceedings{Muhammad:2013:NearMissCloneInWeb,
	--address = {Regina, Canada},
	author = {Muhammad, Tariq and Zibran, Minhaz F. and Yamamoto, Yosuke and Roy, Chanchal K.},
	booktitle = {Proceedings of the 26th IEEE Canadian Conference on Electrical and Computer Engineering (CCECE)},
	isbn = {978-1-4799-0033-6},
	--month = may,
	pages = {1--6},
	--publisher = {IEEE},
	title = {{Near-miss clone patterns in web applications: An empirical study with industrial systems}},
	--url = {http://ieeexplore.ieee.org/lpdocs/epic03/wrapper.htm?arnumber=6567821},
	year = {2013}
}


@online{Wikipedia:NewickRepresentation,
	author = {Wikipedia},
	title = {Newick format},
	url = {https://en.wikipedia.org/wiki/Newick_format},
	note = {Accessed: 10 April 2018},
	--year = {2013}
}

@online{W3C:WebPlatformTests,
	author = {The World Wide Web Consortium},
	title = {Web Platform Tests},
	url = {http://web-platform-tests.org/},
	note = {Accessed: 10 April 2018},
}

@online{StateOfJS:WebPlatformTests,
	author = {{stateofjs.com}},
	title = {Worldwide usage of \javascript front-end libraries},
	url = {https://stateofjs.com/2017/front-end/results/},
	year = {2017},
	note = {Accessed: 10 April 2018}
}

@online{Google:CriticalPath,
	author = {{Google Developers}},
	title = {Web Fundamentals: Critical Rendering Path},
	url = {https://developers.google.com/web/fundamentals/performance/critical-rendering-path/},
	note = {Accessed: 10 April 2018}
}

@online{tool-and-data,
	author = {{Mohammad Bajammal, Davood Mazinanian, and Ali Mesbah}},
	title = {VizMod tool repository},
	url = {https://github.com/msbajammal/vizmod},
	year = {2018}
}

@online{React:WhitespaceIssue,
	author = {{React Issues on GitHub}},
	title = {White-space between inline elements \#1643},
	url = {https://github.com/facebook/react/issues/1643},
	note = {Accessed: 16 April 2018},
	year = {2017}
}

@online{React:JSXWhiteSpaces,
	author = {{Jordan Walke, Facebook, Instagram and community}},
	title = {{JSX Whitespace}},
	url = {https://reactjs.org/blog/2014/02/20/react-v0.9.html#jsx-whitespace},
	note = {Accessed: 16 April 2018},
	year = {2014}	
}

@inproceedings{Nguyen:2013:OutputOrientedRefactoring,
	author = {Nguyen, Hoan Anh and Nguyen, Hung Viet and Nguyen, Tung Thanh and Nguyen, Tien N.},
	title = {Output-Oriented Refactoring in PHP-Based Dynamic Web Applications},
	booktitle = {Proceedings of the 2013 IEEE International Conference on Software Maintenance (ICSM)},
	--series = {ICSM '13},
	year = {2013},
	isbn = {978-0-7695-4981-1},
	pages = {150--159},
	numpages = {10},
	acmid = {2550569},
	--publisher = {IEEE Computer Society},
	--address = {Washington, DC, USA},
	keywords = {refactoring, output-oriented, dynamic Web}
} 



@article{ramon2016layout,
  title={A layout inference algorithm for Graphical User Interfaces},
  author={Ram{\'o}n, {\'O}scar S{\'a}nchez and Cuadrado, Jes{\'u}s S{\'a}nchez and Molina, Jes{\'u}s Garc{\'\i}a and Vanderdonckt, Jean},
  journal={Information and Software Technology},
  volume={70},
  pages={155--175},
  year={2016},
  publisher={Elsevier}
}


@misc{mihalcea2014const_with_mockups,
  title={User interface construction with mockup images},
  author={Mihalcea, Bogdan},
  year={2014},
  month=feb # "~11",
  publisher={Google Patents},
  note={US Patent 8,650,503}
}

@inproceedings{mesbah:migrate07,
  author = {Mesbah, Ali and van Deursen, Arie},
  title = {Migrating Multi-page Web Applications to Single-page {A}jax Interfaces},
  booktitle = {Proceedings of the Conference on Software Maintenance and Reengineering (CSMR)},
  year = {2007},
  pages = {181--190},
  publisher = {IEEE Computer Society}
}