@article{Leotta-2016-JSEP,
	author = {Maurizio Leotta and Andrea Stocco and Filippo Ricca and Paolo Tonella},
	title = {{ROBULA+}: An Algorithm for Generating Robust {XP}ath Locators for Web Testing},
	journal = {JSEP},
	volume = {28},
	number = {3},
	issn = {2047-7481},
	pages = {177--204},
	keywords = {web testing, test cases fragility, robust XPath locator, maintenance effort reduction, DOM selector},
	year = {2016}
}

@misc{fortune,
	key={Erika Fry},
	title = {Super Bowl Ads Can't Save TV.},
	howpublished = {\url{http://fortune.com/2018/01/23/super-bowl-2018-commercials-ads-tv/}},
	year = {2018}
}

@article{ref:PID,
  title={Spatiotemporal sensitivity and visual attention for efficient rendering of dynamic environments},
  author={Yee, Hector and Pattanaik, Sumanita and Greenberg, Donald P},
  journal={ACM Transactions on Graphics (TOG)},
  volume={20},
  number={1},
  pages={39--65},
  year={2001},
  publisher={ACM}
}

@article{ref:SSIM,
  title={Image quality assessment: from error visibility to structural similarity},
  author={Wang, Zhou and Bovik, Alan C and Sheikh, Hamid R and Simoncelli, Eero P and others},
  journal={IEEE transactions on image processing},
  volume={13},
  number={4},
  pages={600--612},
  year={2004}
}

@inproceedings{ref:PHash,
  title={Block mean value based image perceptual hashing},
  author={Yang, Bian and Gu, Fan and Niu, Xiamu},
  booktitle={2006 International Conference on Intelligent Information Hiding and Multimedia},
  pages={167--172},
  year={2006},
  organization={IEEE}
}

@inproceedings{Chang-2010-CHI,
	author = {Chang, Tsung-Hsiang and Yeh, Tom and Miller, Robert C.},
	title = {{GUI Testing Using Computer Vision}},
	booktitle = {Proc. of CHI '10},
	year = {2010},
	pages = {1535--1544},
	keywords = {gui automation, gui testing, test by demonstration}
} 

@inproceedings{Choudhary-2010-ICSM,
	author = {Roy Choudhary, Shauvik and Versee, Husayn and Orso, Alessandro},
	title = {{WEBDIFF: Automated Identification of Cross-browser Issues in Web Applications}},
	booktitle = {Proc. of the 2010 IEEE International Conference on Software Maintenance},
	series = {ICSM '10},
	year = {2010},
	isbn = {978-1-4244-8630-4},
	pages = {1--10},
	numpages = {10},
	url = {http://dx.doi.org/10.1109/ICSM.2010.5609723},
	doi = {10.1109/ICSM.2010.5609723},
	acmid = {1913287},
	publisher = {IEEE Computer Society},
	address = {Washington, DC, USA},
}

@inproceedings{Li-2010-CHI,
	author = {Li, Yang and Cao, Xiang and Everitt, Katherine and Dixon, Morgan and Landay, James A.},
	title = {{FrameWire: A Tool for Automatically Extracting Interaction Logic from Paper Prototyping Tests}},
	booktitle = {Proc. of the SIGCHI Conference on Human Factors in Computing Systems},
	series = {CHI '10},
	year = {2010},
	isbn = {978-1-60558-929-9},
	location = {Atlanta, Georgia, USA},
	pages = {503--512},
	numpages = {10},
	url = {http://doi.acm.org/10.1145/1753326.1753401},
	doi = {10.1145/1753326.1753401},
	acmid = {1753401},
	publisher = {ACM},
	address = {New York, NY, USA},
	keywords = {paper prototyping, programming by demonstration},
} 

@article{Delamaro-2011-STVR,
	author = {Marcio Eduardo Delamaro and Lourdes dos Santos Nunes F\'{a}tima and Oliveira Rafael Alves Paes},
	title = {{Using concepts of content‐based image retrieval to implement graphical testing oracles}},
	journal = {Software Testing, Verification and Reliability},
	volume = {23},
	number = {3},
	pages = {171-198},
	year = {2011},
	keywords = {software testing, testing oracle, content‐based image retrieval},
	doi = {10.1002/stvr.463},
	url = {https://onlinelibrary.wiley.com/doi/abs/10.1002/stvr.463},
}

@inproceedings{Choudhary-2012-ICST,
	author = {Choudhary, Shauvik Roy and Prasad, Mukul R. and Orso, Alessandro},
	title = {{CrossCheck: Combining Crawling and Differencing to Better Detect Cross-browser Incompatibilities in Web Applications}},
	booktitle = {Proc. of the 2012 IEEE Fifth International Conference on Software Testing, Verification and Validation},
	series = {ICST '12},
	year = {2012},
	isbn = {978-0-7695-4670-4},
	pages = {171--180},
	numpages = {10},
	url = {http://dx.doi.org/10.1109/ICST.2012.97},
	doi = {10.1109/ICST.2012.97},
	acmid = {2224910},
	publisher = {IEEE Computer Society},
	address = {Washington, DC, USA},
	keywords = {web testing, dynamic analysis, machine learning},
} 

@inproceedings{Scharf-2013-ICSE,
	author = {Scharf, Andreas and Amma, Till},
	title = {{Dynamic Injection of Sketching Features into GEF Based Diagram Editors}},
	booktitle = {Proc. of the 2013 International Conference on Software Engineering},
	series = {ICSE '13},
	year = {2013},
	isbn = {978-1-4673-3076-3},
	location = {San Francisco, CA, USA},
	pages = {822--831},
	numpages = {10},
	--url = {http://dl.acm.org/citation.cfm?id=2486788.2486896},
	acmid = {2486896},
	publisher = {IEEE Press},
	address = {Piscataway, NJ, USA},
}

@INPROCEEDINGS{Alegroth-2013-ICST, 
	author={E. Al\'{e}groth and M. Nass and H. H. Olsson}, 
	booktitle={2013 IEEE Sixth International Conference on Software Testing, Verification and Validation}, 
	title={{JAutomate: A Tool for System- and Acceptance-test Automation}}, 
	year={2013}, 
	volume={}, 
	number={}, 
	pages={439-446}, 
	doi={10.1109/ICST.2013.61}, 
	ISSN={2159-4848}, 
	month={March},
}

@INPROCEEDINGS{Semenenko-2013-ICSM, 
	author={N. Semenenko and M. Dumas and T. Saar}, 
	booktitle={2013 IEEE International Conference on Software Maintenance}, 
	title={{Browserbite: Accurate Cross-Browser Testing via Machine Learning over Image Features}}, 
	year={2013}, 
	volume={}, 
	number={}, 
	pages={528-531}, 
	doi={10.1109/ICSM.2013.88}, 
	ISSN={1063-6773}, 
	month={Sept},
}

@inproceedings{Choudhary-2013-ICSE,
	author = {Roy Choudhary, Shauvik and Prasad, Mukul R. and Orso, Alessandro},
	title = {{X-PERT: Accurate Identification of Cross-browser Issues in Web Applications}},
	booktitle = {Proc. of the 2013 International Conference on Software Engineering},
	series = {ICSE '13},
	year = {2013},
	isbn = {978-1-4673-3076-3},
	location = {San Francisco, CA, USA},
	pages = {702--711},
	numpages = {10},
	url = {http://dl.acm.org/citation.cfm?id=2486788.2486881},
	acmid = {2486881},
	publisher = {IEEE Press},
	address = {Piscataway, NJ, USA},
} 

@ARTICLE{Lin-2014-TSE, 
	author={Y. D. Lin and J. F. Rojas and E. T. H. Chu and Y. C. Lai}, 
	journal={IEEE Transactions on Software Engineering}, 
	title={{On the Accuracy, Efficiency, and Reusability of Automated Test Oracles for Android Devices}}, 
	year={2014}, 
	volume={40}, 
	number={10}, 
	pages={957-970}, 
	doi={10.1109/TSE.2014.2331982}, 
	ISSN={0098-5589}, 
	month={Oct},
}

@inproceedings{Mahajan-2014-ASE,
	author = {Mahajan, Sonal and Halfond, William G.J.},
	title = {{Finding HTML Presentation Failures Using Image Comparison Techniques}},
	booktitle = {Proc. of the 29th ACM/IEEE International Conference on Automated Software Engineering},
	series = {ASE '14},
	year = {2014},
	isbn = {978-1-4503-3013-8},
	location = {Vasteras, Sweden},
	pages = {91--96},
	numpages = {6},
	url = {http://doi.acm.org/10.1145/2642937.2642966},
	doi = {10.1145/2642937.2642966},
	acmid = {2642966},
	publisher = {ACM},
	address = {New York, NY, USA},
	keywords = {detection and localization, html presentation failures},
} 

@inproceedings{Amalfitano-2014-WISE,
	author = {Amalfitano, Domenico and Fasolino, Anna Rita and Scala, Stefano and Tramontana, Porfirio},
	title = {{Towards Automatic Model-in-the-loop Testing of Electronic Vehicle Information Centers}},
	booktitle = {Proc. of the 2014 International Workshop on Long-term Industrial Collaboration on Software Engineering},
	series = {WISE '14},
	year = {2014},
	isbn = {978-1-4503-3045-9},
	location = {Vasteras, Sweden},
	pages = {9--12},
	numpages = {4},
	url = {http://doi.acm.org/10.1145/2647648.2656427},
	doi = {10.1145/2647648.2656427},
	acmid = {2656427},
	publisher = {ACM},
	address = {New York, NY, USA},
	keywords = {automotive, model in the loop, testing},
}

@INPROCEEDINGS{Selay-2014-DICTA, 
	author={E. Selay and Z. Q. Zhou and J. Zou}, 
	booktitle={2014 International Conference on Digital Image Computing: Techniques and Applications}, 
	title={{Adaptive Random Testing for Image Comparison in Regression Web Testing}}, 
	year={2014}, 
	series={DICTA '14},
	volume={}, 
	number={}, 
	pages={1-7}, 
	doi={10.1109/DICTA.2014.7008093}, 
	ISSN={}, 
	month={Nov},
}

@inproceedings{Nguyen-2015-ASE,
	author = {Nguyen, Tuan Anh and Csallner, Christoph},
	title = {{Reverse Engineering Mobile Application User Interfaces with REMAUI}},
	booktitle = {Proc. of the 2015 30th IEEE/ACM International Conference on Automated Software Engineering},
	series = {ASE '15},
	year = {2015},
	isbn = {978-1-5090-0025-8},
	pages = {248--259},
	numpages = {12},
	url = {https://doi.org/10.1109/ASE.2015.32},
	doi = {10.1109/ASE.2015.32},
	acmid = {2916254},
	publisher = {IEEE Computer Society},
	address = {Washington, DC, USA},
} 

@inproceedings{Burg-2015-UIST,
	author = {Burg, Brian and Ko, Andrew J. and Ernst, Michael D.},
	title = {{Explaining Visual Changes in Web Interfaces}},
	booktitle = {Proc. of the 28th Annual ACM Symposium on User Interface Software \& Technology},
	series = {UIST '15},
	year = {2015},
	isbn = {978-1-4503-3779-3},
	location = {Charlotte, NC, USA},
	pages = {259--268},
	numpages = {10},
	url = {http://doi.acm.org/10.1145/2807442.2807473},
	doi = {10.1145/2807442.2807473},
	acmid = {2807473},
	publisher = {ACM},
	address = {New York, NY, USA},
	keywords = {debugging, programming, reverse engineering, web development},
} 

@INPROCEEDINGS{Mahajan-2015-ICST, 
	author={S. Mahajan and W. G. J. Halfond}, 
	booktitle={2015 IEEE 8th International Conference on Software Testing, Verification and Validation}, 
	title={{Detection and Localization of HTML Presentation Failures Using Computer Vision-Based Techniques}}, 
	series={ICST '15},
	year={2015}, 
	volume={}, 
	number={}, 
	pages={1-10}, 
	doi={10.1109/ICST.2015.7102586}, 
	ISSN={2159-4848}, 
	month={April},
}

@inproceedings{Deka-2016-UIST,
	author = {Deka, Biplab and Huang, Zifeng and Kumar, Ranjitha},
	title = {{ERICA: Interaction Mining Mobile Apps}},
	booktitle = {Proc. of the 29th Annual Symposium on User Interface Software and Technology},
	series = {UIST '16},
	year = {2016},
	isbn = {978-1-4503-4189-9},
	location = {Tokyo, Japan},
	pages = {767--776},
	numpages = {10},
	url = {http://doi.acm.org/10.1145/2984511.2984581},
	doi = {10.1145/2984511.2984581},
	acmid = {2984581},
	publisher = {ACM},
	address = {New York, NY, USA},
} 

@INPROCEEDINGS{Ponzanelli-2016-ICSE, 
	author={L. Ponzanelli and G. Bavota and A. Mocci and M. Di Penta and R. Oliveto and M. Hasan and B. Russo and S. Haiduc and M. Lanza}, 
	booktitle={2016 IEEE/ACM 38th International Conference on Software Engineering}, 
	title={{Too Long; Didn't Watch! Extracting Relevant Fragments from Software Development Video Tutorials}}, 
	series={ICSE '16},
	year={2016}, 
	volume={}, 
	number={}, 
	pages={261-272}, 
	doi={10.1145/2884781.2884824}, 
	ISSN={}, 
	month={May},
}

@inproceedings{Hori-2015-SEKE,
	author = {Akihiro Hori and Shingo Takada and Haruto Tanno and Morihide Oinuma},
	title = {{An Oracle based on Image Comparison for Regression Testing of Web Applications}},
	booktitle = {The 27th International Conference on Software Engineering and Knowledge Engineering},
	series={{SEKE} '15},
	pages = {639--645},
	year = {2015},
	address = {Pittsburgh, PA, USA}
}

@INPROCEEDINGS{Mahajan-2016-ICST, 
	author={S. Mahajan and B. Li and P. Behnamghader and W. G. J. Halfond}, 
	booktitle={2016 IEEE International Conference on Software Testing, Verification and Validation}, 
	title={{Using Visual Symptoms for Debugging Presentation Failures in Web Applications}}, 
	year={2016}, 
	series={ICST '16},
	volume={}, 
	number={}, 
	pages={191-201}, 
	keywords={Web sites;image processing;probability;program debugging;trusted computing;CSS property;Web site;faulty HTML element;image processing;presentation failure debugging;probabilistic technique;trustworthiness;visual symptom;Cascading style sheets;Debugging;Fault diagnosis;HTML;Probabilistic logic;Visualization;Web pages;Root cause analysis;image processing;presentation failures;probabilistic model;visual symptoms;web applications}, 
	doi={10.1109/ICST.2016.35}, 
	ISSN={}, 
	month={April},
}

@inproceedings{Feng-2016-ASE,
	author = {Feng, Yang and Jones, James A. and Chen, Zhenyu and Fang, Chunrong},
	title = {{Multi-objective Test Report Prioritization Using Image Understanding}},
	booktitle = {Proc. of the 31st IEEE/ACM International Conference on Automated Software Engineering},
	series = {ASE 2016},
	year = {2016},
	isbn = {978-1-4503-3845-5},
	location = {Singapore, Singapore},
	pages = {202--213},
	numpages = {12},
	url = {http://doi.acm.org/10.1145/2970276.2970367},
	doi = {10.1145/2970276.2970367},
	acmid = {2970367},
	publisher = {ACM},
	address = {New York, NY, USA},
	keywords = {Crowdsourced Testing, Image Understanding, Multi-Objective Optimization, Test Report Prioritization},
} 

@inproceedings{Patric-2016-ASE,
	author = {Patrick, Matthew and Castle, Matthew D. and Stutt, Richard O. J. H. and Gilligan, Christopher A.},
	title = {{Automatic Test Image Generation Using Procedural Noise}},
	booktitle = {Proc. of the 31st IEEE/ACM International Conference on Automated Software Engineering},
	series = {ASE 2016},
	year = {2016},
	isbn = {978-1-4503-3845-5},
	location = {Singapore, Singapore},
	pages = {654--659},
	numpages = {6},
	url = {http://doi.acm.org/10.1145/2970276.2970333},
	doi = {10.1145/2970276.2970333},
	acmid = {2970333},
	publisher = {ACM},
	address = {New York, NY, USA},
	keywords = {image processing, software testing, test data generation},
} 

@inproceedings{Deka-2017-UIST,
	author = {Deka, Biplab and Huang, Zifeng and Franzen, Chad and Hibschman, Joshua and Afergan, Daniel and Li, Yang and Nichols, Jeffrey and Kumar, Ranjitha},
	title = {{Rico: A Mobile App Dataset for Building Data-Driven Design Applications}},
	booktitle = {Proc. of the 30th Annual ACM Symposium on User Interface Software and Technology},
	series = {UIST '17},
	year = {2017},
	isbn = {978-1-4503-4981-9},
	location = {Quebec City, QC, Canada},
	pages = {845--854},
	numpages = {10},
	url = {http://doi.acm.org/10.1145/3126594.3126651},
	doi = {10.1145/3126594.3126651},
	acmid = {3126651},
	publisher = {ACM},
	address = {New York, NY, USA},
	keywords = {app datasets, design mining, design search, mobile app design},
} 

@INPROCEEDINGS{Wan-2017-STVR, 
	author = {Mian Wan and Yuchen Jin and Ding Jin and Jiaping Gui and Sonal Mahajan and William Halfond G. J.},
	title = {{Detecting display energy hotspots in Android apps}},
	journal = {Software Testing, Verification and Reliability},
	volume = {27},
	number = {6},
	pages = {e1635},
	keywords = {display, energy, mobile applications, optimization, power},
	doi = {10.1002/stvr.1635},
}

@INPROCEEDINGS{He-2016-ICWS, 
	author={M. He and G. Wu and H. Tang and W. Chen and J. Wei and H. Zhong and T. Huang}, 
	booktitle={2016 IEEE International Conference on Web Services}, 
	title={{X-Check: A Novel Cross-Browser Testing Service Based on Record/Replay}},
	year={2016}, 
	series={ICWS '16},
	volume={}, 
	number={}, 
	pages={123-130}, 
	doi={10.1109/ICWS.2016.24}, 
	ISSN={}, 
	month={June},
}

@article{Bao-2017-EMSE,
	author = {Bao, Lingfeng and Li, Jing and Xing, Zhenchang and Wang, Xinyu and Xia, Xin and Zhou, Bo},
	title = {{Extracting and Analyzing Time-series HCI Data from Screen-captured Task Videos}},
	journal = {Empirical Softw. Engg.},
	issue_date = {February  2017},
	volume = {22},
	number = {1},
	month = feb,
	year = {2017},
	issn = {1382-3256},
	pages = {134--174},
	numpages = {41},
	url = {https://doi.org/10.1007/s10664-015-9417-1},
	doi = {10.1007/s10664-015-9417-1},
	acmid = {3042048},
	publisher = {Kluwer Academic Publishers},
	address = {Hingham, MA, USA},
	keywords = {HCI data, Online search behavior, Screen-captured video, Video scraping},
} 

@inproceedings{Zhang-2017-ASE,
	author = {Zhang, Chucheng and Cheng, Haoliang and Tang, Enyi and Chen, Xin and Bu, Lei and Li, Xuandong},
	title = {{Sketch-guided GUI Test Generation for Mobile Applications}},
	booktitle = {Proc. of the 32Nd IEEE/ACM International Conference on Automated Software Engineering},
	series = {ASE '17},
	year = {2017},
	isbn = {978-1-5386-2684-9},
	location = {Urbana-Champaign, IL, USA},
	pages = {38--43},
	numpages = {6},
	url = {http://dl.acm.org/citation.cfm?id=3155562.3155571},
	acmid = {3155571},
	publisher = {IEEE Press},
	address = {Piscataway, NJ, USA},
} 

@inproceedings{Chen-2017-IUI,
	author = {Chen, Chun-Fu (Richard) and Pistoia, Marco and Shi, Conglei and Girolami, Paolo and Ligman, Joseph W. and Wang, Yong},
	title = {{UI X-Ray: Interactive Mobile UI Testing Based on Computer Vision}},
	booktitle = {Proc. of the 22Nd International Conference on Intelligent User Interfaces},
	series = {IUI '17},
	year = {2017},
	isbn = {978-1-4503-4348-0},
	location = {Limassol, Cyprus},
	pages = {245--255},
	numpages = {11},
	url = {http://doi.acm.org/10.1145/3025171.3025190},
	doi = {10.1145/3025171.3025190},
	acmid = {3025190},
	publisher = {ACM},
	address = {New York, NY, USA},
	keywords = {interactive interface, software engineering, user interface testing},
} 

@Article{Reiss-2018-ASEj,
	author={Reiss, Steven P. and Miao, Yun Xin, Qi},
	title={Seeking the user interface},
	journal={Automated Software Engineering},
	year={2018},
	month={Mar},
	day={01},
	volume={25},
	number={1},
	pages={157--193},
	issn={1573-7535},
	doi={10.1007/s10515-017-0216-3}
}



@article{Kirac-2018-JSS,
	title = {{VISOR: A fast image processing pipeline with scaling and translation invariance for test oracle automation of visual output systems}},
	journal = {{Journal of Systems and Software}},
	volume = {136},
	pages = {266-- 277},
	year = {2018},
	issn = {0164-1212},
	doi = {https://doi.org/10.1016/j.jss.2017.06.023},
	url = {http://www.sciencedirect.com/science/article/pii/S0164121217301243},
	author = {M. Furkan Kıra\c{c} and Barı\c{s} Aktemur and Hasan S\"{o}zer},
	keywords = {Black-box testing, Test oracle, Computer vision, Image processing, Test automation}
}

@article{Leotta-2018-STVR,
	author = {Maurizio Leotta and Andrea Stocco and Filippo Ricca and Paolo Tonella},
	title = {{PESTO: Automated migration of DOM based Web tests towards the visual approach}},
	journal = {Software Testing, Verification and Reliability},
	volume = {28},
	number = {4},
	year = {2018},
	keywords = {DOM-based testing, Selenium WebDriver, Sikuli, test automation, visual testing, Web testing},
	doi = {10.1002/stvr.1665},
	url = {https://onlinelibrary.wiley.com/doi/abs/10.1002/stvr.1665},
}

@inproceedings{Bajammal-2018-ICST,
	author = {Bajammal, Mohammad and Mesbah, Ali},
	title = {{Web Canvas Testing through Visual Inference}},
	booktitle = {Proc. of the International Conference on Software Testing, Verification and Validation},
	series={ICST '18},
	publisher = {IEEE Computer Society},
	pages = {12 pages},
	year = {2018},
	url = {/publications/docs/icst18.pdf},
	award = {[Distinguished Paper Award]}
}

@article{Xu-2018-TOIT,
	author = {Xu, Zhen and Miller, James},
	title = {{Cross-Browser Differences Detection Based on an Empirical Metric for Web Page Visual Similarity}},
	journal = {ACM Trans. Internet Technol.},
	issue_date = {April 2018},
	volume = {18},
	number = {3},
	month = apr,
	year = {2018},
	issn = {1533-5399},
	pages = {34:1--34:23},
	articleno = {34},
	numpages = {23},
	url = {http://doi.acm.org/10.1145/3140544},
	doi = {10.1145/3140544},
	acmid = {3140544},
	publisher = {ACM},
	address = {New York, NY, USA},
	keywords = {Block tree, Gestalt laws of grouping, cross-browser differences detection, extended subtree, web page visual similarity},
} 

@article{Kuchta-2018-EMSE,
	author={Kuchta, Tomasz and Lutellier, Thibaud and Wong, Edmund and Tan, Lin and Cadar, Cristian},
	title={On the correctness of electronic documents: studying, finding, and localizing inconsistency bugs in PDF readers and files},
	journal={Empirical Software Engineering},
	year={2018},
	month={Mar},
	day={09},
	issn={1573-7616},
	doi={10.1007/s10664-018-9600-2},
	url={https://doi.org/10.1007/s10664-018-9600-2}	
}

@INPROCEEDINGS{Hammoudi-2016-ICST, 
	author={M. Hammoudi and G. Rothermel and P. Tonella}, 
	booktitle={2016 IEEE International Conference on Software Testing, Verification and Validation (ICST)}, 
	title={Why do Record/Replay Tests of Web Applications Break?}, 
	year={2016}, 
	volume={}, 
	number={}, 
	pages={180-190}, 
	doi={10.1109/ICST.2016.16}, 
	ISSN={}, 
	month={April},
}

@article{Sabaren-2018-JCST, 
	title={A Systematic Literature Review in Cross-browser Testing}, 
	volume={18}, 
	url={http://journal.info.unlp.edu.ar/JCST/article/view/691}, 
	DOI={https://doi.org/10.24215/16666038.18.e03}, 
	number={01}, 
	journal={Journal of Computer Science and Technology}, 
	author={Sabaren, Leandro N. and Mascheroni, Maximiliano A. and Greiner, Cristina L. and IrrazÃ¡bal, Emanuel},
	year={2018}, 
	month={April},
}

